<?xml version="1.0" encoding="UTF-8"?>
<collection xmlns:xsi="http://www.w3.org/2001/XMLSchema-instance" xsi:schemaLocation="http://www.loc.gov/MARC21/slim http://www.loc.gov/standards/marcxml/schema/MARC21slim.xsd" xmlns="http://www.loc.gov/MARC21/slim">
<record>
  <leader>01326cam a2200313Ma 4500</leader>
  <controlfield tag="001">5647245</controlfield>
  <controlfield tag="003">NNC</controlfield>
  <controlfield tag="005">20160623144146.0</controlfield>
  <controlfield tag="008">040506s1970    iq       b    000 0 ara d</controlfield>
  <datafield tag="035" ind1=" " ind2=" ">
    <subfield code="a">(OCoLC)ocm60499123</subfield>
  </datafield>
  <datafield tag="035" ind1=" " ind2=" ">
    <subfield code="a">(NNC)5647245</subfield>
  </datafield>
  <datafield tag="040" ind1=" " ind2=" ">
    <subfield code="a">MEAUC</subfield>
    <subfield code="c">MEAUC</subfield>
    <subfield code="d">ZCU</subfield>
  </datafield>
  <datafield tag="043" ind1=" " ind2=" ">
    <subfield code="a">ma-----</subfield>
  </datafield>
  <datafield tag="066" ind1=" " ind2=" ">
    <subfield code="c">(3</subfield>
  </datafield>
  <datafield tag="100" ind1="1" ind2=" ">
    <subfield code="6">880-01</subfield>
    <subfield code="a">Faraḥ, Ilyās.</subfield>
  </datafield>
  <datafield tag="245" ind1="1" ind2="0">
    <subfield code="6">880-02</subfield>
    <subfield code="a">Fī al-siyāsah al-ʻArabīyah al-thawrīyah qabla al-naksah wa-baʻdahā /</subfield>
    <subfield code="c">Ilyās Faraḥ.</subfield>
  </datafield>
  <datafield tag="260" ind1=" " ind2=" ">
    <subfield code="6">880-03</subfield>
    <subfield code="a">[Baghdād] :</subfield>
    <subfield code="b">Mudīrīyat al-Iʻlām al-ʻĀmmah,</subfield>
    <subfield code="c">1970.</subfield>
  </datafield>
  <datafield tag="300" ind1=" " ind2=" ">
    <subfield code="a">301 p. ;</subfield>
    <subfield code="c">22 cm.</subfield>
  </datafield>
  <datafield tag="490" ind1="1" ind2=" ">
    <subfield code="6">880-04</subfield>
    <subfield code="a">Silsilah al-iʻlāmīyah ;</subfield>
    <subfield code="v">11</subfield>
  </datafield>
  <datafield tag="500" ind1=" " ind2=" ">
    <subfield code="a">Includes articles published in al-Aḥrār, Mar. 1966-Apr. 1967.</subfield>
  </datafield>
  <datafield tag="504" ind1=" " ind2=" ">
    <subfield code="a">Includes bibliographical references.</subfield>
  </datafield>
  <datafield tag="651" ind1=" " ind2="0">
    <subfield code="a">Arab countries</subfield>
    <subfield code="x">Politics and government.</subfield>
  </datafield>
  <datafield tag="830" ind1=" " ind2="0">
    <subfield code="6">880-05</subfield>
    <subfield code="a">Silsilah al-iʻlāmīyah ;</subfield>
    <subfield code="v">11.</subfield>
  </datafield>
  <datafield tag="880" ind1=" " ind2=" ">
    <subfield code="6">100-01/(3/r</subfield>
    <subfield code="a">فرح، الياس.</subfield>
  </datafield>
  <datafield tag="880" ind1="1" ind2="0">
    <subfield code="6">245-02/(3/r</subfield>
    <subfield code="a">في السياسة العربية الثورية قبل النكسة وبعدها /</subfield>
    <subfield code="c">الياس فرح.</subfield>
  </datafield>
  <datafield tag="880" ind1=" " ind2=" ">
    <subfield code="6">260-03/(3/r</subfield>
    <subfield code="a">±بغدادƯ :</subfield>
    <subfield code="b">مديرية الاعلام العامة،</subfield>
    <subfield code="c">1970.</subfield>
  </datafield>
  <datafield tag="880" ind1="1" ind2=" ">
    <subfield code="6">490-04/(3/r</subfield>
    <subfield code="a">السلسلة الاعلامية ؛</subfield>
    <subfield code="v">11</subfield>
  </datafield>
  <datafield tag="880" ind1=" " ind2="0">
    <subfield code="6">830-05/(3/r</subfield>
    <subfield code="a">السلسلة الاعلامية ؛</subfield>
    <subfield code="v">11</subfield>
  </datafield>
  <datafield tag="955" ind1=" " ind2=" ">
    <subfield code="b">CU68115393</subfield>
    <subfield code="d">off,leh</subfield>
    <subfield code="e">DS70 .I7 no.11</subfield>
  </datafield>
</record>
</collection>